@article{Kitching,
  author    = {John Kitching},
  title     = {Time for a Better Receiver: Chip-Scale Atomic Frequency References},
  year      = {2007},
  number    = {18},
  month     = {2007-11-01},
  publisher = {GPS World},
  url       = {https://tsapps.nist.gov/publication/get_pdf.cfm?pub_id=50625},
  language  = {en}
}

@misc{LambdaSystem,
  author       = {Mets501},
  howpublished = {\url{https://commons.wikimedia.org/wiki/File:Lambda-type_system.pdf}},
  title        = {Lambda-type system},
  year         = {2012}
}

@article{Kitching-2018,
  author  = {Kitching, John},
  title   = {{Chip-scale atomic devices}},
  journal = {Applied Physics Reviews},
  volume  = {5},
  number  = {3},
  pages   = {031302},
  year    = {2018},
  month   = {08},
  issn    = {1931-9401},
  doi     = {10.1063/1.5026238},
  url     = {https://doi.org/10.1063/1.5026238},
  eprint  = {https://pubs.aip.org/aip/apr/article-pdf/doi/10.1063/1.5026238/14575726/031302\_1\_online.pdf}
}

@article{Travagnin,
  number    = {KJ-NA-30790-EN-N (online)},
  address   = {Luxembourg (Luxembourg)},
  issn      = {1831-9424 (online)},
  year      = {2021},
  author    = {Martino Travagnin},
  isbn      = {978-92-76-40666-2 (online)},
  publisher = {Publications Office of the European Union},
  title     = {Chip-Scale Atomic Clocks: Physics, technologies, and applications},
  doi       = {10.2760/278540 (online)}
}

@article{Marlow-Scherer,
  author   = {Marlow, Bonnie L. Schmittberger and Scherer, David R.},
  journal  = {IEEE Transactions on Ultrasonics, Ferroelectrics, and Frequency Control},
  title    = {A Review of Commercial and Emerging Atomic Frequency Standards},
  year     = {2021},
  volume   = {68},
  number   = {6},
  pages    = {2007--2022},
  keywords = {Atomic clocks; Time-frequency analysis; Standards; Frequency measurement; Atom optics; Oscillators; Adaptive optics; Atomic clock; atomic frequency standard; clock; frequency; oscillator; review; timing},
  doi      = {10.1109/TUFFC.2021.3049713}
}

@misc{DARPA-blog,
  author       = {DARPA},
  title        = {Atomic Clock with Enhanced Stability (ACES)},
  howpublished = {\url{https://www.darpa.mil/program/atomic-clock-with-enhanced-stability}},
  language     = {en}
}

@misc{SPHERES,
  author       = {DARPA},
  title        = {Darpa chip-scale atomic clocks aboard International Space Station},
  howpublished = {\url{https://phys.org/news/2012-03-darpa-chip-scale-atomic-clocks-aboard.html}},
  language     = {en}
}

@misc{GISGeography,
  author       = {GISGeography},
  title        = {How GPS Receivers Work - Trilateration vs Triangulation},
  howpublished = {\url{https://gisgeography.com/trilateration-triangulation-gps/}},
  language     = {en}
}

@misc{MICROCHIP,
  author       = {Microchip},
  title        = {Microchip Technology Inc. (Website)},
  howpublished = {\url{https://www.microsemi.com/}},
  language     = {en}
}
@misc{Nuclear-Power,
  author       = {Nuclear Power},
  title        = {Nuclear Power (Website)},
  howpublished = {\url{https://www.nuclear-power.com/}},
  language     = {en}
}

@article{Bandi2022,
  author  = {Bandi, Thejesh N. and others},
  title   = {Advanced space rubidium atomic frequency standard for satellite navigation},
  journal = {GPS Solutions},
  year    = {2022},
  month   = {Mar},
  day     = {04},
  volume  = {26},
  number  = {2},
  pages   = {54},
  issn    = {1521-1886},
  doi     = {10.1007/s10291-022-01239-x},
  url     = {https://doi.org/10.1007/s10291-022-01239-x}
}

@inproceedings{10.1007/978-981-19-2576-4_36,
  author    = {Cui, Jiaqi and others},
  title     = {Design and Studies of an Ultra High-Performance Physics Package for Vapor-Cell Rubidium Atomic Clock},
  booktitle = {China Satellite Navigation Conference (CSNC 2022) Proceedings},
  year      = {2022},
  publisher = {Springer Nature Singapore},
  address   = {Singapore},
  pages     = {403--414},
  isbn      = {978-981-19-2576-4}
}

@misc{enwiki:1159294991,
  author       = {{Wikipedia contributors}},
  title        = {Dark state --- {Wikipedia}{,} The Free Encyclopedia},
  year         = {2023},
  howpublished = {\url{https://en.wikipedia.org/w/index.php?title=Dark_state&oldid=1159294991}},
  note         = {Online; accessed 19-March-2024}
}

@misc{Beat-Wave-Latex,
  author       = {Izaak Neutelings},
  title        = {Beating waves},
  howpublished = {\url{https://tikz.net/waves\_beat/}},
  language     = {en}
}

@misc{VCSEL,
  author       = {Ajaykumar Patil},
  title        = {Vertical-Cavity Surface-Emitting Lasers Market: Analysis of Top Manufacturers and Their Contributions},
  howpublished = {\url{https://medium.com/@ajaykumarpmr/vertical-cavity-surface-emitting-lasers-market-analysis-of-top-manufacturers-and-their-f3e365406ca6}},
  language     = {en}
}

@book{Knappe,
  author    = {Svenja Knappe},
  title     = {Emerging Topics MEMS Atomic Clocks},
  year      = {2007},
  month     = {Nov},
  publisher = {Elsevier (Netherlands)},
  url       = {https://tsapps.nist.gov/publication/get_pdf.cfm?pub_id=50424},
  language  = {en}
}

@misc{ALKALINI,
  author       = {Daniel A. Steck},
  title        = {Alkali D Line Data},
  howpublished = {\url{https://steck.us/alkalidata/}},
  language     = {en}
}

@misc{BIMP-second-definition,
  author       = {BIMP},
  title        = {SI base unit: second (s)},
  howpublished = {\url{https://www.bipm.org/en/si-base-units/second}},
  language     = {en}
}

@misc{NIST-frequency,
  author       = {NIST},
  title        = {Time and Frequency from A to Z},
  howpublished = {\url{https://www.nist.gov/pml/time-and-frequency-division/popular-links/time-frequency-z}},
  language     = {en}
}

@inbook{Banerjee2023,
  author    = {Banerjee, Parameswar and Matsakis, Demetrios},
  title     = {Frequency Stability},
  booktitle = {An Introduction to Modern Timekeeping and Time Transfer},
  year      = {2023},
  publisher = {Springer Nature Switzerland},
  address   = {Cham},
  pages     = {79--108},
  isbn      = {978-3-031-30780-5},
  doi       = {10.1007/978-3-031-30780-5_4},
  url       = {https://doi.org/10.1007/978-3-031-30780-5_4}
}

@misc{Scherer,
  author       = {David R. Scherer, Bonnie L. Schmittberger, Jonathan Hirschauer},
  title        = {Current and Future Atomic Clocks - Roadmap and Applications},
  howpublished = {\url{https://www.gps.gov/cgsic/meetings/2019/}},
  language     = {en}
}

@article{GNSS-errors,
  author   = {Jiang, Changhui and Chen, Shuai and Chen, Yuwei and Bo, Yuming},
  title    = {Research on a chip scale atomic clock driven GNSS/SINS deeply coupled navigation system for augmented performance},
  journal  = {IET Radar, Sonar \& Navigation},
  volume   = {13},
  number   = {2},
  pages    = {326-331},
  keywords = {satellite navigation, inertial navigation, atomic clocks, crystal oscillators, inertial systems, chip scale atomic clock, low-profile atomic frequency reference device, microelectromechanical systems technique, atom excitation technique, low-power consumption, portable global navigation satellite system receiver, scalar tracking loop-based GNSS receivers, STL-based GNSS/strapdown inertial navigation system, deep integrated navigation system, state variable, vector tracking loop-based GNSS/SINS deep integration system, phase-locked loops, navigation solutions determination, single navigation filter, loop tracking parameters, local signal replica generation, VTL architecture, signal tracking operation, CSAC driven VTL_DI system, VTL_DI integration filter state variables, position performance, STL_DI system, complete signal tracking, augmented performance, deeply coupled navigation system},
  doi      = {https://doi.org/10.1049/iet-rsn.2018.5152},
  url      = {https://ietresearch.onlinelibrary.wiley.com/doi/abs/10.1049/iet-rsn.2018.5152},
  eprint   = {https://ietresearch.onlinelibrary.wiley.com/doi/pdf/10.1049/iet-rsn.2018.5152},
  year     = {2019}
}

@misc{Petro-Shine,
  author       = {Petro Shine},
  title        = {Seismic Methods},
  howpublished = {\url{https://petroshine.com/seismic-methods}},
  language     = {en}
}

@misc{OBS,
  author       = {John Smythe, FairfieldNodal Inc.},
  title        = {A Nodal Approach},
  howpublished = {\url{https://www.hartenergy.com/ep/exclusives/nodal-approach-176191}},
  language     = {en}
}

@misc{IED,
  author       = {John Keller},
  title        = {Northrop to build electronic warfare (EW) RF jammers to protect warfighters from improvised explosives},
  howpublished = {\url{https://www.militaryaerospace.com/rf-analog/article/14196810/electronic-warfare-ew-rf-jammers-improvised-explosives}},
  language     = {en}
}

@misc{SAASM,
  author       = {PEOIEWS},
  title        = {DAGR},
  howpublished = {\url{https://www.flickr.com/photos/69349609@N02/6326407470}},
  language     = {en}
}

@inproceedings{SPATIUM,
  author    = {Aheieva, Kateryna and Rahmatillah, Rahmi and Ninagawa, Ryotaro and Adebolu, Ibukun Oluwatobi and Masui, Hirokazu and Yamauchi, Takashi and Kim, Sangkyun and Cho, Mengu and Chow, Chee Lap and Tse, Man Siu and Li, King Ho Holden},
  booktitle = {2017 Progress in Electromagnetics Research Symposium - Fall (PIERS - FALL)},
  title     = {CubeSat mission for ionosphere mapping and weather forecasting using chip-scale atomic clock},
  year      = {2017},
  volume    = {},
  number    = {},
  pages     = {761-766},
  keywords  = {Satellites;Ionosphere;Clocks;Delays;Global Positioning System;Earth},
  doi       = {10.1109/PIERS-FALL.2017.8293237}
}

@misc{DARPA-IMPACT,
  author       = {DARPA},
  title        = {Micro-Technology for Positioning, Navigation and Timing - Clocks (Archived)},
  howpublished = {\url{https://www.darpa.mil/program/micro-technology-for-positioning-navigation-and-timing/clocks}},
  language     = {en}
}

@misc{DARPA-ACES,
  author       = {DARPA},
  title        = {Atomic Clock with Enhanced Stability (ACES) (Archived)},
  howpublished = {\url{https://www.darpa.mil/program/atomic-clock-with-enhanced-stability}},
  language     = {en}
}

@misc{DARPA-ROCkN,
  author       = {DARPA},
  title        = {Robust Optical Clock Network (ROCkN)},
  howpublished = {\url{https://www.darpa.mil/program/robust-optical-clock-network}},
  language     = {en}
}

@article{Elgin,
  author  = {Elgin, John and Heavner, Thomas and Kitching, John and Donley, E.A. and Denney, Jayson and Salim, Evan},
  year    = {2019},
  month   = {07},
  pages   = {033503},
  title   = {A cold-atom beam clock based on coherent population trapping},
  volume  = {115},
  journal = {Applied Physics Letters},
  doi     = {10.1063/1.5087119}
}

@article{X-Liu,
  author  = {Liu, X. and Yudin, V. I. and Taichenachev, A. V. and Kitching, J. and Donley, E. A.},
  title   = {{High contrast dark resonances in a cold-atom clock probed with counterpropagating circularly polarized beams}},
  journal = {Applied Physics Letters},
  volume  = {111},
  number  = {22},
  pages   = {224102},
  year    = {2017},
  month   = {11},
  issn    = {0003-6951},
  doi     = {10.1063/1.5001179},
  url     = {https://doi.org/10.1063/1.5001179},
  eprint  = {https://pubs.aip.org/aip/apl/article-pdf/doi/10.1063/1.5001179/14508279/224102\_1\_online.pdf}
}

@article{Ravi2012,
  author  = {Ravi, K.
             and Lee, Seunghyun
             and Sharma, Arijit
             and Werth, G.
             and Rangwala, S. A.},
  title   = {Cooling and stabilization by collisions in a mixed ion--atom system},
  journal = {Nature Communications},
  year    = {2012},
  month   = {Oct},
  day     = {09},
  volume  = {3},
  number  = {1},
  pages   = {1126},
  issn    = {2041-1723},
  doi     = {10.1038/ncomms2131},
  url     = {https://doi.org/10.1038/ncomms2131}
}

@article{Schwindt,
  author  = {Schwindt, Peter D. D. and Jau, Yuan-Yu and Partner, Heather and Casias, Adrian and Wagner, Adrian R. and Moorman, Matthew and Manginell, Ronald P. and Kellogg, James R. and Prestage, John D.},
  title   = {{A highly miniaturized vacuum package for a trapped ion atomic clock}},
  journal = {Review of Scientific Instruments},
  volume  = {87},
  number  = {5},
  pages   = {053112},
  year    = {2016},
  month   = {05},
  issn    = {0034-6748},
  doi     = {10.1063/1.4948739},
  url     = {https://doi.org/10.1063/1.4948739},
  eprint  = {https://pubs.aip.org/aip/rsi/article-pdf/doi/10.1063/1.4948739/15779274/053112\_1\_online.pdf}
}


@misc{JPL-DSAC,
  author       = {Jet Propulsion Laboratory},
  title        = {NASA Activates Deep Space Atomic Clock},
  howpublished = {\url{https://www.jpl.nasa.gov/news/nasa-activates-deep-space-atomic-clock}},
  language     = {en}
}

@inproceedings{Hoang,
  author    = {Hoang, Thai M. and Chung, Sang K. and Thanh Le and Prestage, John D. and Yi, Lin and Tjoelker, Robert I. and Yu, Nan},
  booktitle = {2019 Joint Conference of the IEEE International Frequency Control Symposium and European Frequency and Time Forum (EFTF/IFC)},
  title     = {Performance of Micro Mercury Trapped Ion Clock},
  year      = {2019},
  volume    = {},
  number    = {},
  pages     = {1-2},
  keywords  = {Ions;Mercury (planets);Microwave oscillators;Atomic clocks;Optical pumping;Masers;atomic frequency standard;mercury ion},
  doi       = {10.1109/FCS.2019.8856065}
}

@article{Schwindt-2,
  author = {Schwindt, Peter and Jau, Y-Y and Partner, Heather and Serkland, Darwin and Ison, Aaron and McCants, Andrew and Winrow, Edward and Prestage, John and Kellogg, J. and Yu, Nan and Boschen, C. and Kosvin, Igor and Mailloux, David and Scherer, David and Nelson, Craig and Hati, Archita and Howe, David},
  year   = {2015},
  month  = {06},
  pages  = {752-757},
  title  = {Miniature trapped-ion frequency standard with 171Yb+},
  doi    = {10.1109/FCS.2015.7138951}
}

@article{Newman:19,
  author    = {Zachary L. Newman and Vincent Maurice and Tara Drake and Jordan R. Stone and Travis C. Briles and Daryl T. Spencer and Connor Fredrick and Qing Li and Daron Westly and B. R. Ilic and Boqiang Shen and Myoung-Gyun Suh and Ki Youl Yang and Cort Johnson and David M. S. Johnson and Leo Hollberg and Kerry J. Vahala and Kartik Srinivasan and Scott A. Diddams and John Kitching and Scott B. Papp and Matthew T. Hummon},
  journal   = {Optica},
  keywords  = {Frequency combs; Integrated photonics; Optical clocks; Photonic integrated circuits; Semiconductor lasers; Tunable diode lasers},
  number    = {5},
  pages     = {680--685},
  publisher = {Optica Publishing Group},
  title     = {Architecture for the photonic integration of an optical atomic clock},
  volume    = {6},
  month     = {May},
  year      = {2019},
  doi       = {10.1364/OPTICA.6.000680}
}

@article{Maurice:20,
  author    = {Vincent Maurice and Zachary L. Newman and Susannah Dickerson and Morgan Rivers and James Hsiao and Phillip Greene and Mark Mescher and John Kitching and Matthew T. Hummon and Cort Johnson},
  journal   = {Opt. Express},
  keywords  = {Frequency combs; Laser cooling; Optical clocks; Optical communications; Semiconductor lasers; Tunable diode lasers},
  number    = {17},
  pages     = {24708--24720},
  publisher = {Optica Publishing Group},
  title     = {Miniaturized optical frequency reference for next-generation portable optical clocks},
  volume    = {28},
  month     = {Aug},
  year      = {2020},
  doi       = {10.1364/OE.396296}
}