@misc{slides,
  author       = {{Prof. Fue-Sang Lien}},
  title        = {Course slides},
  year         = {2024},
  howpublished = {Learn Platform}
}

@article{Ghia1982HighReSF,
  title   = {High-Re solutions for incompressible flow using the Navier-Stokes equations and a multigrid method},
  author  = {Urmila Ghia and Karman Ghia and C. T. Shin},
  journal = {Journal of Computational Physics},
  year    = {1982},
  volume  = {48},
  pages   = {387-411},
  url     = {https://api.semanticscholar.org/CorpusID:16423991}
}

@article{Menter1994TwoequationET,
  title   = {Two-equation eddy-viscosity turbulence models for engineering applications},
  author  = {Florian R. Menter},
  journal = {AIAA Journal},
  year    = {1994},
  volume  = {32},
  pages   = {1598-1605},
  url     = {https://api.semanticscholar.org/CorpusID:120712103}
}