@article{FEM_rail_wheel,
  author  = {Chen, Guangxiong and Cui, Xiaolu and Qian, W.},
  year    = {2016},
  month   = {04},
  pages   = {},
  title   = {Investigation into rail corrugation in high-speed railway tracks from the viewpoint of the frictional self-excited vibration of a wheelâ€“rail system},
  volume  = {24},
  journal = {Journal of Modern Transportation},
  doi     = {10.1007/s40534-016-0106-6}
}