@article{owid-emissions-by-sector,
  author  = {Hannah Ritchie and Pablo Rosado and Max Roser},
  title   = {Emissions by sector: where do greenhouse gases come from?},
  journal = {Our World in Data},
  year    = {2020},
  note    = {https://ourworldindata.org/emissions-by-sector}
}

@article{methane-100-year,
  author  = {Andrew Moseman and Jessika Trancik},
  title   = {Why do we compare methane to carbon dioxide over a 100-year timeframe? Are we underrating the importance of methane emissions?},
  journal = {Climate Portal},
  year    = {2024},
  note    = {https://climate.mit.edu/ask-mit/why-do-we-compare-methane-carbon-dioxide-over-100-year-timeframe-are-we-underrating}
}

@article{fuel-injectors,
  author  = {Andrew Markel},
  title   = {Volkswagen, Audi Direct Fuel Injection System},
  journal = {Climate Portal},
  year    = {2018},
  note    = {https://www.underhoodservice.com/volkswagen-and-audi-direct-fuel-injection-system-diagnostics/}
}

@misc{patent-fuel-injector,
  title     = {Fuel injector},
  author    = {Micheal Peter Cooke},
  url       = {https://patents.google.com/patent/US20120080011A1/en},
  year      = {2009},
  publisher = {Delphi Technologies IP Ltd},
  note      = {US20120080011A1}
}


@article{pele,
  author  = {Pelé, Ronan and Mounaïm-Rousselle, Christine and Bréquigny, Pierre and Hespel, Camille and Bellettre, Jérôme},
  title   = {First Study on Ammonia Spray Characteristics with a Current GDI Engine Injector},
  journal = {Fuels},
  volume  = {2},
  year    = {2021},
  number  = {3},
  pages   = {253--271},
  url     = {https://www.mdpi.com/2673-3994/2/3/15},
  issn    = {2673-3994},
  doi     = {10.3390/fuels2030015}
}

@inproceedings{somarathne,
  author = {Somarathne, Kapuruge Don Kunkuma and Yamashita, Hirofumi and Colson, Sophie and Okafor, Ekenechukwu and Hayakawa, Akihiro and Kudo, T and Kobayashi, H},
  year   = {2021},
  month  = {12},
  pages  = {},
  title  = {Liquid Ammonia Spray Combustion and Emission Characteristics with Gaseous Hydrogen/air Co-firing}
}

@article{wang-dalla-barba,
  title    = {Assessment of the parcel model in evaporating turbulent diluted sprays within a Large-Eddy-Simulation approach},
  journal  = {International Journal of Multiphase Flow},
  volume   = {169},
  pages    = {104609},
  year     = {2023},
  issn     = {0301-9322},
  doi      = {https://doi.org/10.1016/j.ijmultiphaseflow.2023.104609},
  url      = {https://www.sciencedirect.com/science/article/pii/S030193222300229X},
  author   = {Jietuo Wang and Federico {Dalla Barba}},
  keywords = {Spray dynamics, Lagrangian modelling, Parcel model, Droplet evaporation, LES}
}

@article{angelilli,
  title     = {Evaporation and clustering of ammonia droplets in a hot environment},
  author    = {Angelilli, Lorenzo and Hern\'andez P\'erez, Francisco E. and Im, Hong G. and Ciottoli, Pietro Paolo and Valorani, Mauro},
  journal   = {Phys. Rev. Fluids},
  volume    = {7},
  issue     = {11},
  pages     = {114301},
  numpages  = {17},
  year      = {2022},
  month     = {Nov},
  publisher = {American Physical Society},
  doi       = {10.1103/PhysRevFluids.7.114301},
  url       = {https://link.aps.org/doi/10.1103/PhysRevFluids.7.114301}
}


@misc{delavan,
  title    = {Delavan | The Global Leader in High-Quality Spray Nozzles and Fluid Handling Systems},
  note     = {https://delavan.com/},
  language = {en}
}

@inproceedings{inproceedings,
  author = {Leick, Philippe and Grzeszik, Roman and Arndt, Stefan and Wissel, Stephan},
  year   = {2011},
  month  = {01},
  pages  = {},
  title  = {Suppression of Multiple Scattering Using Structured Light Sheets – A First Assessment for Diesel and Gasoline Spray Visualization}
}

@misc{ansys,
  title    = {ANSYS | Engineering Simulation Software},
  note     = {https://www.ansys.com/},
  language = {en}
}

@article{tomorrowstechnician,
  author   = {Andrew Markel},
  title    = {Fuel Trims},
  note     = {https://www.tomorrowstechnician.com/fuel-trims/},
  language = {en}
}