@misc{CSAC-SA65,
  author = {Microchip Technology Inc.},
  url    = {https://ww1.microchip.com/downloads/aemDocuments/documents/FTD/ProductDocuments/Brochures/CSAC-SA65-Sell-Sheet-00003478.pdf},
  title  = {CSAC SA.65 Chip Scale Atomic Clock},
  year   = {2023}
}

@misc{Microsemi-SA.45s,
  author = {Microsemi Corporation},
  url    = {https://www.microsemi.com/document-portal/doc_view/133305-sa-45s-csac-datasheet},
  title  = {SA.45s CSAC and RoHS CSAC Options 001 and 003},
  year   = {2019}
}

@misc{Microsemi-SA5X,
  author = {Microsemi Corporation},
  url    = {https://www.microsemi.com/document-portal/doc_view/1244700-mac-sa5x-data-sheet},
  title  = {MAC-SA5X},
  year   = {2020}
}

@misc{Microsemi-Temperature-Sentivity,
  author = {Microsemi Corporation},
  url    = {https://www.microsemi.com/document-portal/doc_view/1243735-csac-performance-during-rapid-temp-change},
  title  = {Chip-Scale Atomic Clock (CSAC) Performance During Rapid Temperature Change},
  year   = {2018}
}

@misc{JRC-Tecnical-Report-1,
  author = {Martino Travglia},
  url    = {https://www.researchgate.net/profile/Martino-Travagnin-2/publication/358900424_Chip-Scale_Atomic_Clocks_Physics_technologies_and_applications/links/621c8cecb1bace0083a1c959/Chip-Scale-Atomic-Clocks-Physics-technologies-and-applications.pdf},
  title  = {Chip-Scale Atomic Clocks: Physics, technologies and applications},
  year   = {2021}
}
