@article{Kitching,
  author    = {John Kitching},
  title     = {Time for a Better Receiver: Chip-Scale Atomic Frequency References},
  year      = {2007},
  number    = {18},
  month     = {2007-11-01},
  publisher = {GPS World},
  url       = {https://tsapps.nist.gov/publication/get_pdf.cfm?pub_id=50625},
  language  = {en}
}

@article{Marlow-Scherer,
  author   = {Marlow, Bonnie L. Schmittberger and Scherer, David R.},
  journal  = {IEEE Transactions on Ultrasonics, Ferroelectrics, and Frequency Control},
  title    = {A Review of Commercial and Emerging Atomic Frequency Standards},
  year     = {2021},
  volume   = {68},
  number   = {6},
  pages    = {2007-2022},
  keywords = {Atomic clocks;Time-frequency analysis;Standards;Frequency measurement;Atom optics;Oscillators;Adaptive optics;Atomic clock;atomic frequency standard;clock;frequency;oscillator;review;timing},
  doi      = {10.1109/TUFFC.2021.3049713}
}

@misc{DARPA-blog,
  author   = {DARPA},
  title    = {Atomic Clock with Enhanced Stability (ACES)},
  note     = {https://www.darpa.mil/program/atomic-clock-with-enhanced-stability},
  language = {en}
}

@misc{SPHERES,
  author   = {DARPA},
  title    = {Darpa chip-scale atomic clocks aboard International Space Station},
  note     = {https://phys.org/news/2012-03-darpa-chip-scale-atomic-clocks-aboard.html},
  language = {en}
}

@misc{GISGeography,
  author   = {GISGeography},
  title    = {How GPS Receivers Work - Trilateration vs Triangulation},
  note     = {https://gisgeography.com/trilateration-triangulation-gps/},
  language = {en}
}

@misc{MICROCHIP,
  author   = {Microchip},
  title    = {Microchip Technology Inc. (Website)},
  note     = {https://www.microsemi.com/},
  language = {en}
}