@inproceedings{van-Leer,
  author  = {van Leer, Bram},
  year    = {1982},
  month   = {01},
  pages   = {},
  title   = {Flux-Vector Splitting for the Euler Equation},
  volume  = {170},
  isbn    = {978-3-540-11948-7},
  journal = {Lecture Notes in Physics},
  doi     = {10.1007/3-540-11948-5_66}
}

@article{Steger-Warming,
  title   = {Flux vector splitting of the inviscid gasdynamic equations with application to finite-difference methods},
  journal = {Journal of Computational Physics},
  volume  = {40},
  number  = {2},
  pages   = {263-293},
  year    = {1981},
  issn    = {0021-9991},
  doi     = {https://doi.org/10.1016/0021-9991(81)90210-2},
  url     = {https://www.sciencedirect.com/science/article/pii/0021999181902102},
  author  = {Joseph L Steger and R.F Warming}
}