@misc{Nuclear-Power,
  author       = {Nuclear Power},
  title        = {Nuclear Power (Website)},
  howpublished = {\url{https://www.nuclear-power.com/}},
  language     = {en}
}

@article{Bandi2022,
  author  = {Bandi, Thejesh N. and others},
  title   = {Advanced space rubidium atomic frequency standard for satellite navigation},
  journal = {GPS Solutions},
  year    = {2022},
  month   = {Mar},
  day     = {04},
  volume  = {26},
  number  = {2},
  pages   = {54},
  issn    = {1521-1886},
  doi     = {10.1007/s10291-022-01239-x},
  url     = {https://doi.org/10.1007/s10291-022-01239-x}
}

@inproceedings{10.1007/978-981-19-2576-4_36,
  author    = {Cui, Jiaqi and others},
  title     = {Design and Studies of an Ultra High-Performance Physics Package for Vapor-Cell Rubidium Atomic Clock},
  booktitle = {China Satellite Navigation Conference (CSNC 2022) Proceedings},
  year      = {2022},
  publisher = {Springer Nature Singapore},
  address   = {Singapore},
  pages     = {403--414},
  isbn      = {978-981-19-2576-4}
}

@misc{DARPA-blog,
  author       = {{DARPA}},
  title        = {Atomic Clock with Enhanced Stability (ACES)},
  howpublished = {\url{https://www.darpa.mil/program/atomic-clock-with-enhanced-stability}},
  language     = {en}
}

@misc{enwiki:1159294991,
  author       = {{Wikipedia contributors}},
  title        = {Dark state --- {Wikipedia}{,} The Free Encyclopedia},
  year         = {2023},
  howpublished = {\url{https://en.wikipedia.org/w/index.php?title=Dark_state&oldid=1159294991}},
  note         = {Online; accessed 19-March-2024}
}

@misc{Beat-Wave-Latex,
  author       = {Izaak Neutelings},
  title        = {Beating waves},
  howpublished = {\url{https://tikz.net/waves\_beat/}},
  language     = {en}
}

@misc{MICROCHIP,
  author       = {{Microchip}},
  title        = {Microchip Technology Inc. (Website)},
  howpublished = {\url{https://www.microsemi.com/}},
  language     = {en}
}

@misc{VCSEL,
  author       = {Ajaykumar Patil},
  title        = {Vertical-Cavity Surface-Emitting Lasers Market: Analysis of Top Manufacturers and Their Contributions},
  howpublished = {\url{https://medium.com/@ajaykumarpmr/vertical-cavity-surface-emitting-lasers-market-analysis-of-top-manufacturers-and-their-f3e365406ca6}},
  language     = {en}
}

@book{Knappe,
  author    = {Svenja Knappe},
  title     = {Emerging Topics MEMS Atomic Clocks},
  year      = {2007},
  month     = {Nov},
  publisher = {Elsevier (Netherlands)},
  url       = {https://tsapps.nist.gov/publication/get_pdf.cfm?pub_id=50424},
  language  = {en}
}

@article{Marlow-Scherer,
  author   = {Marlow, Bonnie L. Schmittberger and Scherer, David R.},
  journal  = {IEEE Transactions on Ultrasonics, Ferroelectrics, and Frequency Control},
  title    = {A Review of Commercial and Emerging Atomic Frequency Standards},
  year     = {2021},
  volume   = {68},
  number   = {6},
  pages    = {2007--2022},
  keywords = {Atomic clocks; Time-frequency analysis; Standards; Frequency measurement; Atom optics; Oscillators; Adaptive optics; Atomic clock; atomic frequency standard; clock; frequency; oscillator; review; timing},
  doi      = {10.1109/TUFFC.2021.3049713}
}

@misc{ALKALINI,
  author       = {Daniel A. Steck},
  title        = {Alkali D Line Data},
  howpublished = {\url{https://steck.us/alkalidata/}},
  language     = {en}
}
