@article{ammonia-oxidation,
  title    = {Evolution of ammonia reaction mechanisms and modeling parameters: A review},
  journal  = {Applications in Energy and Combustion Science},
  volume   = {15},
  pages    = {100175},
  year     = {2023},
  issn     = {2666-352X},
  doi      = {https://doi.org/10.1016/j.jaecs.2023.100175},
  url      = {https://www.sciencedirect.com/science/article/pii/S2666352X2300064X},
  author   = {Alnasif A and Mashruk S and Shi H and Alnajideen M and Wang P and Pugh D and Valera-Medina A},
  keywords = {Ammonia, Hydrogen, Combustion, Reaction mechanism, Ammonia chemistry}
}


@article{green-ammonia-1,
  title    = {Green ammonia production technologies: A review of practical progress},
  journal  = {Journal of Environmental Management},
  volume   = {342},
  pages    = {118348},
  year     = {2023},
  issn     = {0301-4797},
  doi      = {https://doi.org/10.1016/j.jenvman.2023.118348},
  url      = {https://www.sciencedirect.com/science/article/pii/S0301479723011362},
  author   = {Opeyemi A. Ojelade and Sharif F. Zaman and Bing-Jie Ni},
  keywords = {N Fixation, Green ammonia, Modified Haber-Bosch, Renewable-driven ammonia}
}

@article{green-ammonia-2,
  title    = {Recent progress in Green Ammonia: Production, applications, assessment; barriers, and its role in achieving the sustainable development goals},
  journal  = {Energy Conversion and Management},
  volume   = {277},
  pages    = {116594},
  year     = {2023},
  issn     = {0196-8904},
  doi      = {https://doi.org/10.1016/j.enconman.2022.116594},
  url      = {https://www.sciencedirect.com/science/article/pii/S0196890422013723},
  author   = {A.G. Olabi and Mohammad Ali Abdelkareem and Mohammed Al-Murisi and Nabila Shehata and Abdul Hai Alami and Ali Radwan and Tabbi Wilberforce and Kyu-Jung Chae and Enas Taha Sayed},
  keywords = {Green ammonia, Production and assessment, Applications, Barriers, Sustainable development goals}
}

@article{owid-emissions-by-sector,
  author       = {Hannah Ritchie and Pablo Rosado and Max Roser},
  title        = {Emissions by sector: where do greenhouse gases come from?},
  journal      = {Our World in Data},
  year         = {2020},
  howpublished = {\url{https://ourworldindata.org/emissions-by-sector}}
}

@article{energy-density,
  author  = {Barelli, L. and Bidini, Gianni and Cinti, Giovanni},
  year    = {2020},
  month   = {11},
  pages   = {6173},
  title   = {Operation of a Solid Oxide Fuel Cell Based Power System with Ammonia as a Fuel: Experimental Test and System Design},
  volume  = {13},
  journal = {Energies},
  doi     = {10.3390/en13236173}
}

@article{pele,
  author  = {Pelé, Ronan and Mounaïm-Rousselle, Christine and Bréquigny, Pierre and Hespel, Camille and Bellettre, Jérôme},
  title   = {First Study on Ammonia Spray Characteristics with a Current GDI Engine Injector},
  journal = {Fuels},
  volume  = {2},
  year    = {2021},
  number  = {3},
  pages   = {253--271},
  url     = {https://www.mdpi.com/2673-3994/2/3/15},
  issn    = {2673-3994},
  doi     = {10.3390/fuels2030015}
}

@inproceedings{somarathne,
  author = {Somarathne, Kapuruge Don Kunkuma and Yamashita, Hirofumi and Colson, Sophie and Okafor, Ekenechukwu and Hayakawa, Akihiro and Kudo, T and Kobayashi, H},
  year   = {2021},
  month  = {12},
  pages  = {},
  title  = {Liquid Ammonia Spray Combustion and Emission Characteristics with Gaseous Hydrogen/air Co-firing}
}

@article{wang-dalla-barba,
  title    = {Assessment of the parcel model in evaporating turbulent diluted sprays within a Large-Eddy-Simulation approach},
  journal  = {International Journal of Multiphase Flow},
  volume   = {169},
  pages    = {104609},
  year     = {2023},
  issn     = {0301-9322},
  doi      = {https://doi.org/10.1016/j.ijmultiphaseflow.2023.104609},
  url      = {https://www.sciencedirect.com/science/article/pii/S030193222300229X},
  author   = {Jietuo Wang and Federico {Dalla Barba}},
  keywords = {Spray dynamics, Lagrangian modelling, Parcel model, Droplet evaporation, LES}
}

@article{angelilli,
  title     = {Evaporation and clustering of ammonia droplets in a hot environment},
  author    = {Angelilli, Lorenzo and Hern\'andez P\'erez, Francisco E. and Im, Hong G. and Ciottoli, Pietro Paolo and Valorani, Mauro},
  journal   = {Phys. Rev. Fluids},
  volume    = {7},
  issue     = {11},
  pages     = {114301},
  numpages  = {17},
  year      = {2022},
  month     = {Nov},
  publisher = {American Physical Society},
  doi       = {10.1103/PhysRevFluids.7.114301},
  url       = {https://link.aps.org/doi/10.1103/PhysRevFluids.7.114301}
}

@article{flash-boiling,
  author  = {Mojtabi, Mehdi and Wigley, Graham and Helie, Jerome},
  year    = {2014},
  month   = {01},
  pages   = {467-493},
  title   = {The effect of flash boiling on the atomization performance of gasoline direct injection multistream injectors},
  volume  = {24},
  journal = {Atomization and Sprays},
  doi     = {10.1615/AtomizSpr.2014008296}
}

@article{okafor,
  title    = {Flame stability and emissions characteristics of liquid ammonia spray co-fired with methane in a single stage swirl combustor},
  journal  = {Fuel},
  volume   = {287},
  pages    = {119433},
  year     = {2021},
  issn     = {0016-2361},
  doi      = {https://doi.org/10.1016/j.fuel.2020.119433},
  url      = {https://www.sciencedirect.com/science/article/pii/S0016236120324297},
  author   = {Ekenechukwu C. Okafor and Hirofumi Yamashita and Akihiro Hayakawa and K.D. Kunkuma A. Somarathne and Taku Kudo and Taku Tsujimura and Masahiro Uchida and Shintaro Ito and Hideaki Kobayashi},
  keywords = {Multiphase combustion, Liquid ammonia spray combustion, Dual fuel, Radial swirler, Emissions, Flame stability}
}

@article{hayakawa,
  title    = {Experimental and numerical study of product gas and N2O emission characteristics of ammonia/hydrogen/air premixed laminar flames stabilized in a stagnation flow},
  journal  = {Proceedings of the Combustion Institute},
  volume   = {39},
  number   = {2},
  pages    = {1625-1633},
  year     = {2023},
  issn     = {1540-7489},
  doi      = {https://doi.org/10.1016/j.proci.2022.08.124},
  url      = {https://www.sciencedirect.com/science/article/pii/S1540748922004801},
  author   = {Akihiro Hayakawa and Masao Hayashi and Marina Kovaleva and Gabriel J. Gotama and Ekenechukwu C. Okafor and Sophie Colson and Syed Mashruk and Agustin Valera-Medina and Taku Kudo and Hideaki Kobayashi},
  keywords = {Ammonia, Hydrogen, Product gas, Stagnation flame, Nitrous oxide}
}