@misc{BIMP-second-definition,
  author       = {BIMP},
  title        = {SI base unit: second (s)},
  howpublished = {\url{https://www.bipm.org/en/si-base-units/second}},
  language     = {en}
}

@misc{NIST-frequency,
  author       = {NIST},
  title        = {Time and Frequency from A to Z},
  howpublished = {\url{https://www.nist.gov/pml/time-and-frequency-division/popular-links/time-frequency-z}},
  language     = {en}
}

@inbook{Banerjee2023,
  author    = {Banerjee, Parameswar and Matsakis, Demetrios},
  title     = {Frequency Stability},
  booktitle = {An Introduction to Modern Timekeeping and Time Transfer},
  year      = {2023},
  publisher = {Springer Nature Switzerland},
  address   = {Cham},
  pages     = {79--108},
  isbn      = {978-3-031-30780-5},
  doi       = {10.1007/978-3-031-30780-5_4},
  url       = {https://doi.org/10.1007/978-3-031-30780-5_4}
}

@book{Knappe,
  author    = {Svenja Knappe},
  title     = {Emerging Topics MEMS Atomic Clocks},
  year      = {2007},
  month     = {Nov},
  publisher = {Elsevier (Netherlands)},
  url       = {https://tsapps.nist.gov/publication/get_pdf.cfm?pub_id=50424},
  language  = {en}
}

@article{Marlow-Scherer,
  author   = {Marlow, Bonnie L. Schmittberger and Scherer, David R.},
  journal  = {IEEE Transactions on Ultrasonics, Ferroelectrics, and Frequency Control},
  title    = {A Review of Commercial and Emerging Atomic Frequency Standards},
  year     = {2021},
  volume   = {68},
  number   = {6},
  pages    = {2007-2022},
  keywords = {Atomic clocks;Time-frequency analysis;Standards;Frequency measurement;Atom optics;Oscillators;Adaptive optics;Atomic clock;atomic frequency standard;clock;frequency;oscillator;review;timing},
  doi      = {10.1109/TUFFC.2021.3049713}
}

@misc{Scherer,
  author       = {David R. Scherer, Bonnie L. Schmittberger, Jonathan Hirschauer},
  title        = {Current and Future Atomic Clocks - Roadmap and Applications},
  howpublished = {\url{https://www.gps.gov/cgsic/meetings/2019/}},
  language     = {en}
}

@misc{MICROCHIP,
  author       = {{Microchip}},
  title        = {Microchip Technology Inc. (Website)},
  howpublished = {\url{https://www.microsemi.com/}},
  language     = {en}
}

@article{Travagnin,
  number    = {KJ-NA-30790-EN-N (online)},
  address   = {Luxembourg (Luxembourg)},
  issn      = {1831-9424 (online)},
  year      = {2021},
  author    = {Martino Travagnin},
  isbn      = {978-92-76-40666-2 (online)},
  publisher = {Publications Office of the European Union},
  title     = {Chip-Scale Atomic Clocks: Physics, technologies, and applications},
  doi       = {10.2760/278540 (online)}
}